@misc{cloudfare,
  author       = {Cloudfare},
  title        = {Was ist BaaS? | Backend-as-a-Service im Vergleich zu Serverless},
  howpublished = {\url{https://www.cloudflare.com/de-de/learning/serverless/glossary/backend-as-a-service-baas/}},
  note         = {Aufgerufen: 25.10.2020}
}

@misc{ernorubik,
  author       = {Wikipedia},
  title        = {Ern≈ë Rubik},
  howpublished = {\url{https://de.wikipedia.org/wiki/Ern%C5%91_Rubik}},
  note         = {Aufgerufen: 27.10.2020}
}

@misc{worldcubeassociation,
  author       = {World Cube Association},
  title        = {Records},
  howpublished = {\url{https://www.worldcubeassociation.org/results/records}},
  note         = {Aufgerufen: 27.10.2020}
}